
%--------- Amplifier Review -------
@ARTICLE{Nauta1992, 
author={B. Nauta}, 
journal={IEEE Journal of Solid-State Circuits}, 
title={A CMOS transconductance-C filter technique for very high frequencies}, 
year={1992}, 
volume={27}, 
number={2}, 
pages={142-153}, 
doi={10.1109/4.127337}, 
ISSN={0018-9200}, 
month={Feb},}

@INPROCEEDINGS{Chen2014, 
author={T. Chen and S. Rodriguez and J. Akerman and A. Rusu}, 
booktitle={2014 21st IEEE International Conference on Electronics, Circuits and Systems (ICECS)}, 
title={An inductorless wideband Balun-LNA for spin torque oscillator-based field sensing}, 
year={2014}, 
volume={}, 
number={}, 
pages={36-39}, 
doi={10.1109/ICECS.2014.7049915}, 
ISSN={}, 
month={Dec},}

@ARTICLE{Bult1990, 
author={K. Bult and G. J. G. M. Geelen}, 
journal={IEEE Journal of Solid-State Circuits}, 
title={A fast-settling CMOS op amp for SC circuits with 90-dB DC gain}, 
year={1990}, 
volume={25}, 
number={6}, 
pages={1379-1384}, 
doi={10.1109/4.62165}, 
ISSN={0018-9200}, 
month={Dec},}

@INPROCEEDINGS{Selby2013, 
author={R. Selby and T. Kern and W. Wilson and T. Chen}, 
booktitle={2013 IEEE 4th Latin American Symposium on Circuits and Systems (LASCAS)}, 
title={A 0.18 $\mu$m CMOS switched-capacitor amplifier using current-starving inverter based op-amp for low-power biosensor applications}, 
year={2013}, 
volume={}, 
number={}, 
pages={1-4}, 
doi={10.1109/LASCAS.2013.6519039}, 
ISSN={}, 
month={Feb},}

@ARTICLE{Ismail2016, 
author={A. Ismail and I. Mostafa}, 
journal={IEEE Transactions on Very Large Scale Integration (VLSI) Systems}, 
title={A Process-Tolerant, Low-Voltage, Inverter-Based OTA for Continuous-Time $\Delta \Sigma$ ADC}, 
year={2016}, 
volume={24}, 
number={9}, 
pages={2911-2917}, 
doi={10.1109/TVLSI.2016.2525786}, 
ISSN={1063-8210}, 
month={Sept},}

@INPROCEEDINGS{Olivera1999, 
author={G. Olivera-Romero and J. Silva-Martinez}, 
booktitle={Proceedings of the Third International Workshop on Design of Mixed-Mode Integrated Circuits and Applications (Cat. No.99EX303)}, 
title={A folded-cascode OTA based on complementary differential-pairs for HF applications}, 
year={1999}, 
volume={}, 
number={}, 
pages={57-60}, 
doi={10.1109/MMICA.1999.833595}, 
ISSN={}, 
month={},}

@INPROCEEDINGS{Adut2003, 
author={J. Adut and J. Silva-Martinez}, 
booktitle={Circuits and Systems, 2003. ISCAS 03. Proceedings of the 2003 International Symposium on}, 
title={Cascode transconductance amplifiers for HF switched-capacitor applications}, 
year={2003}, 
volume={1}, 
number={}, 
pages={I-365-I-368 vol.1}, 
doi={10.1109/ISCAS.2003.1205576}, 
ISSN={}, 
month={May},}

@INPROCEEDINGS{Sauerbrey2002, 
author={J. Sauerbrey and T. Tille and D. Schmitt-Landsiedel and R. Thewes}, 
booktitle={2002 IEEE International Solid-State Circuits Conference. Digest of Technical Papers (Cat. No.02CH37315)}, 
title={A 0.7V MOSFET-only switched-opamp $\Delta \Sigma$ modulator}, 
year={2002}, 
volume={2}, 
number={}, 
pages={246-492}, 
doi={10.1109/ISSCC.2002.992236}, 
ISSN={}, 
month={Feb},}

@INPROCEEDINGS{Ahn2005, 
author={Gil-cho Ahn and Dong-young Chang and M. Brown and N. Ozaki and H. Youra and K. Yamamura and K. Hamashita and K. Takasuka and G. C. Temes and Un-Ku Moon}, 
booktitle={ISSCC. 2005 IEEE International Digest of Technical Papers. Solid-State Circuits Conference, 2005.}, 
title={A 0.6V 82dB $\Delta\Sigma$ audio ADC using switched-RC integrators}, 
year={2005}, 
volume={}, 
number={}, 
pages={166-591 Vol. 1}, 
doi={10.1109/ISSCC.2005.1493921}, 
ISSN={0193-6530}, 
month={Feb},}

@ARTICLE{Quinn2000, 
author={P. J. Quinn and K. van Hartingsveldt and A. H. M. van Roermund}, 
journal={IEEE Journal of Solid-State Circuits}, 
title={A 10.7-MHz CMOS SC radio IF filter using orthogonal hardware modulation}, 
year={2000}, 
volume={35}, 
number={12}, 
pages={1865-1876}, 
ISSN={0018-9200}, 
month={Dec},}

@ARTICLE{Miyahara2014, 
author={Y. Miyahara and M. Sano and K. Koyama and T. Suzuki and K. Hamashita and B. S. Song}, 
journal={IEEE Journal of Solid-State Circuits}, 
title={A 14b 60 MS/s Pipelined ADC Adaptively Cancelling Opamp Gain and Nonlinearity},
year={2014}, 
volume={49}, 
number={2}, 
pages={416-425}, 
doi={10.1109/JSSC.2013.2289902}, 
ISSN={0018-9200}, 
month={Feb},}

@ARTICLE{Thandri2006, 
author={B. K. Thandri and J. Silva-Martinez}, 
journal={IEEE Transactions on Circuits and Systems II: Express Briefs}, 
title={A 92-MHz 13-bit IF digitizer using optimized SC integrators in 0.35- mu;m CMOS technology}, 
year={2006}, 
volume={53}, 
number={5}, 
pages={412-416},  
doi={10.1109/TCSII.2006.870217}, 
ISSN={1549-7747}, 
month={May},}

@INPROCEEDINGS{Zhang2015PRIME, 
author={S. Zhang and Z. Zhu and H. Zhang and Z. Xiong and Q. Li}, 
booktitle={2015 11th Conference on Ph.D. Research in Microelectronics and Electronics (PRIME)}, 
title={A 90-dB DC gain high-speed nested gain-boosted folded-cascode opamp}, 
year={2015}, 
volume={}, 
number={}, 
pages={357-360}, 
ISSN={}, 
month={June},}

@INPROCEEDINGS{Liu2015OpAmp, 
author={Y. Liu and E. Bonizzoni and F. Maloberti}, 
booktitle={2015 IEEE International Symposium on Circuits and Systems (ISCAS)}, 
title={A single Op-Amp 0$+$2 sigma-delta modulator}, 
year={2015}, 
volume={}, 
number={}, 
pages={2029-2032}, 
doi={10.1109/ISCAS.2015.7169075}, 
ISSN={0271-4302}, 
month={May},}

@INPROCEEDINGS{Sun2016, 
author={Jie Sun and Jianhui Wu}, 
booktitle={2016 International Symposium on Integrated Circuits (ISIC)}, 
title={A high speed pipeline ADC with 78-dB SFDR in 0.18 um BiCMOS}, 
year={2016}, 
volume={}, 
number={}, 
pages={1-4},  
doi={10.1109/ISICIR.2016.7829725}, 
ISSN={}, 
month={Dec},}

@article{Bult1991,
author = {Bult, Klaas and Geelen, Govert J G M},
doi = {10.1007/BF00161305},
issn = {1573-1979},
journal = {Analog Integrated Circuits and Signal Processing},
month = {oct},
number = {2},
pages = {119--135},
title = {{The CMOS gain-boosting technique}},
url = {https://doi.org/10.1007/BF00161305},
volume = {1},
year = {1991}
}

@ARTICLE{Chiu2004, 
author={Yun Chiu and P. R. Gray and B. Nikolic}, 
journal={IEEE Journal of Solid-State Circuits}, 
title={A 14-b 12-MS/s CMOS pipeline ADC with over 100-dB SFDR}, 
year={2004}, 
volume={39}, 
number={12}, 
pages={2139-2151}, 
doi={10.1109/JSSC.2004.836232}, 
ISSN={0018-9200}, 
month={Dec},}

@ARTICLE{Chu2014, 
author={C. Y. Chu and Y. J. Wang}, 
journal={IEEE Transactions on Circuits and Systems II: Express Briefs}, 
title={A PVT-Independent Constant- $G_{m}$ Bias Technique Based on Analog Computation}, 
year={2014}, 
volume={61}, 
number={10}, 
pages={768-772}, 
doi={10.1109/TCSII.2014.2345296}, 
ISSN={1549-7747}, 
month={Oct},}

@INPROCEEDINGS{Lipka2009, 
author={B. Lipka and U. Kleine and J. C. Scheytt and K. Schmalz}, 
booktitle={2009 IEEE International SOC Conference (SOCC)}, 
title={Design of a complementary folded-cascode operational amplifier}, 
year={2009}, 
volume={}, 
number={}, 
pages={111-114}, 
doi={10.1109/SOCCON.2009.5398081}, 
ISSN={2164-1676}, 
month={Sept},}

@INPROCEEDINGS{Hati2012, 
author={M. K. Hati and T. K. Bhattacharyya}, 
booktitle={2012 International Conference on Devices, Circuits and Systems (ICDCS)}, 
title={A power efficient and constant-gm 1.8 V CMOS operational transconductance amplifier with rail-to-rail input and output ranges for charge pump in phase-locked loop}, 
year={2012}, 
volume={}, 
number={}, 
pages={38-43}, 
doi={10.1109/ICDCSyst.2012.6188670}, 
ISSN={}, 
month={March},}

@ARTICLE{Vallee1994, 
author={R. E. Vallee and E. I. El-Masry}, 
journal={IEEE Journal of Solid-State Circuits}, 
title={A very high-frequency CMOS complementary folded cascode amplifier}, 
year={1994}, 
volume={29}, 
number={2}, 
pages={130-133}, 
doi={10.1109/4.272117}, 
ISSN={0018-9200}, 
month={Feb},}

@ARTICLE{Choksi2003, 
author={O. Choksi and L. R. Carley}, 
journal={IEEE Transactions on Circuits and Systems II: Analog and Digital Signal Processing}, 
title={Analysis of switched-capacitor common-mode feedback circuit}, 
year={2003}, 
volume={50}, 
number={12}, 
pages={906-917}, 
keywords={analogue integrated circuits;charge injection;differential amplifiers;equivalent circuits;feedback amplifiers;leakage currents;switched capacitor networks;DC behavior;analog integrated circuits;charge injection;comparison amplifier;design guidelines;fully-differential circuits;half-circuit equivalent model;leakage currents;mathematical model;output common-mode voltage;parasitic capacitances;switched-capacitor common-mode feedback circuit;Circuit analysis;Feedback circuits;Guidelines;Leakage current;Mathematical model;Parasitic capacitance;Steady-state;Switches;Switching circuits;Voltage}, 
doi={10.1109/TCSII.2003.820253}, 
ISSN={1057-7130}, 
month={Dec},}

@ARTICLE{Ribner1984, 
author={D. B. Ribner and M. A. Copeland}, 
journal={IEEE Journal of Solid-State Circuits}, 
title={Design techniques for cascoded CMOS op amps with improved PSRR and common-mode input range}, 
year={1984}, 
volume={19}, 
number={6}, 
pages={919-925}, 
doi={10.1109/JSSC.1984.1052246}, 
ISSN={0018-9200}, 
month={Dec},}

@INPROCEEDINGS{Carillo2007, 
author={J. M. Carrillo and J. L. Ausin and J. F. Duque-Carrillo}, 
booktitle={2007 18th European Conference on Circuit Theory and Design}, 
title={CMOS continuous-time CMFB circuit with improved linearity}, 
year={2007}, 
volume={}, 
number={}, 
pages={40-43}, 
keywords={CMOS integrated circuits;buffer circuits;circuit feedback;differential amplifiers;passive networks;CMOS continuous-time CMFB circuit;common-mode control structure;continuous-time common-mode feedback network;difference amplifier;passive resistors;standard CMOS technology;unity-gain buffers;voltage buffer;Bandwidth;CMOS technology;Circuit simulation;Delta modulation;Detectors;Differential amplifiers;Feedback circuits;Linearity;Resistors;Voltage}, 
doi={10.1109/ECCTD.2007.4529531}, 
ISSN={}, 
month={Aug},}

@ARTICLE{Carillo2010, 
author={J. M. Carrillo and G. Torelli and M. A. Dominguez and R. Perez-Aloe and J. M. Valverde and J. F. Duque-Carrillo}, 
journal={IEEE Transactions on Circuits and Systems II: Express Briefs}, 
title={A Family of Low-Voltage Bulk-Driven CMOS Continuous-Time CMFB Circuits}, 
year={2010}, 
volume={57}, 
number={11}, 
pages={863-867}, 
keywords={CMOS analogue integrated circuits;MOSFET;circuit feedback;differential amplifiers;low-power electronics;CMFB network;CMOS technology;bulk-driven MOS transistors;continuous-time common-mode feedback network;fully differential amplifiers;low-voltage bulk-driven CMOS continuous-time CMFB circuits;low-voltage realization;supply voltage;CMOS integrated circuits;Delta modulation;Detectors;Linearity;Logic gates;MOSFETs;Bulk-driven MOS transistors;CMOS analog integrated circuits;common-mode feedback (CMFB);fully differential amplifiers;low-voltage}, 
doi={10.1109/TCSII.2010.2068090}, 
ISSN={1549-7747}, 
month={Nov},}

@INPROCEEDINGS{Centurelli2017, 
author={F. Centurelli and P. Monsurrò and G. Parisi and P. Tommasino and A. Trifiletti}, 
booktitle={2017 European Conference on Circuit Theory and Design (ECCTD)}, 
title={A fully-differential class-AB OTA with CMRR improved by local feedback}, 
year={2017}, 
volume={}, 
number={}, 
pages={1-4}, 
keywords={CMOS integrated circuits;circuit feedback;operational amplifiers;sample and hold circuits;CMOS technology;CMRR;Common-Mode Rejection Ratio;common-mode gain;differential-mode behavior;fully-differential class-AB OTA topology;internal nodes;local feedback loop;sample-and-hold;size 40 nm;triode-biased transistors;Feedback loop;Gain;Logic gates;Power demand;Resistance;Topology;Transistors;class AB;common-mode;fully differential;operational amplifier}, 
doi={10.1109/ECCTD.2017.8093355}, 
ISSN={}, 
month={Sept},}