
@ARTICLE{Bafandeh2016, 
author={A. Bafandeh and M. Yavari}, 
journal={IEEE Transactions on Circuits and Systems II: Express Briefs}, 
title={Digital Calibration of Amplifier Finite DC Gain and Gain Bandwidth in MASH $SigmaDelta$ Modulators}, 
year={2016}, 
volume={63}, 
number={4}, 
pages={321-325}, 
doi={10.1109/TCSII.2015.2504027}, 
ISSN={1549-7747}, 
month={April},}

@ARTICLE{Sahoo2013, 
author={B. D. Sahoo and B. Razavi}, 
journal={IEEE Journal of Solid-State Circuits}, 
title={A 10-b 1-GHz 33-mW CMOS ADC}, 
year={2013}, 
volume={48}, 
number={6}, 
pages={1442-1452}, 
doi={10.1109/JSSC.2013.2252518}, 
ISSN={0018-9200}, 
month={June},}