@ARTICLE{Davis2003, 
author={C. Davis and I. Finvers}, 
journal={IEEE Journal of Solid-State Circuits}, 
title={A 14-bit high-temperature Sigma; Delta; modulator in standard CMOS}, 
year={2003}, 
volume={38}, 
number={6}, 
pages={976-986}, 
keywords={CMOS integrated circuits;high-temperature electronics;leakage currents;mixed analogue-digital integrated circuits;modulators;quantisation (signal);sigma-delta modulation;switched capacitor networks;1.5 micron;14 bit;150 to 255 C;500 Hz;ADC;MASH cascaded structure;SC circuits;analog-digital conversion;fully differential signal path;high-temperature ΣΔ modulator;high-temperature circuit impairment;junction-to-substrate leakage current;near minimum sized switches;oversampling ratio;second-order single-stage modulator;sigma-delta modulator;single-bit quantization;standard CMOS process;third-order MASH modulator;Bandwidth;CMOS process;CMOS technology;Leakage current;Multi-stage noise shaping;Quantization;Signal resolution;Switched capacitor circuits;Switches;Temperature}, 
doi={10.1109/JSSC.2003.811973}, 
ISSN={0018-9200}, 
month={June},}
@INPROCEEDINGS{Ericson2004, 
author={M. N. Ericson and M. Bobrek and A. Bobrek and C. L. Britton and J. M. Rochelle and B. J. Blalock and R. L. Schultz}, 
booktitle={2004 IEEE Aerospace Conference Proceedings (IEEE Cat. No.04TH8720)}, 
title={A high resolution, extended temperature sigma delta ADC in 3.3 V 0.5 mu;m SOS-CMOS}, 
year={2004}, 
volume={4}, 
number={}, 
pages={2608-2617 Vol.4}, 
keywords={CMOS integrated circuits;FIR filters;cascade networks;field programmable gate arrays;harmonic distortion;high-temperature electronics;integrated circuit design;sigma-delta modulation;silicon-on-insulator;0.5 micron;2-2 cascade architecture;25 to 225 degC;3.3 V;Al/sub 2/O/sub 3/;SOS-CMOS process;Si;digital decimation filter design;electronic engineering computing;extended temperature sigma delta ADC;field programmable gate array;high resolution ADC;high resolution data conversion;high temperature electronics;modulator configurations;sigma delta modulator design;signal-noise ratio;silicon-on-insulator;total harmonic distortion;Delta-sigma modulation;Digital filters;Digital modulation;Dynamic range;Field programmable gate arrays;Modulation coding;Signal resolution;Signal to noise ratio;Temperature distribution;Total harmonic distortion}, 
doi={10.1109/AERO.2004.1368055}, 
ISSN={1095-323X}, 
month={March},}
@INPROCEEDINGS{Yao2010, 
author={Y. Yao and Desheng Ma and F. Dai}, 
booktitle={2010 10th IEEE International Conference on Solid-State and Integrated Circuit Technology}, 
title={A 12-bit interleaved opamp-sharing pipeline ADC for extreme environment applications}, 
year={2010}, 
volume={}, 
number={}, 
pages={394-396}, 
keywords={CMOS integrated circuits;analogue-digital conversion;operational amplifiers;CMOS technology;aerospace extreme environment;interleaved OpAmp-sharing pipeline ADC;pipeline analog-to-digital converter;temperature -180{$\degree$}C to 120 {$\degree$}C;temperature -230 {$\degree$}C; CMOS integrated circuits;Clocks;Cryogenics;Pipelines;Robustness;Temperature distribution}, 
doi={10.1109/ICSICT.2010.5667703}, 
ISSN={}, 
month={Nov},}
@INPROCEEDINGS{Farahani2011, 
author={B. J. Farahani and S. G. Krishna and S. Venkatesan and Z. Zhu and A. Kathuria and G. Gildenblat and H. Barnaby}, 
booktitle={2011 Aerospace Conference}, 
title={Wide-temperature high-resolution integrated data acquisition for spectroscopy in space}, 
year={2011}, 
volume={}, 
number={}, 
pages={1-11}, 
keywords={CMOS integrated circuits;sigma-delta modulation;CMOS;PSP compact models;military temperature-range;novel circuit design techniques;power 1.5 mW;sigma-delta analog-to-digital-converter;sigma-delta modulator;space;space missions;voltage 2.6 V;wide-temperature high-resolution integrated data acquisition;CMOS integrated circuits;Computational modeling;Integrated circuit modeling;MOSFETs;Signal resolution;Temperature distribution}, 
doi={10.1109/AERO.2011.5747466}, 
ISSN={1095-323X}, 
month={March},}
@INPROCEEDINGS{Wang2013, 
author={Y. Wang and V. P. Chodavarapu}, 
booktitle={2013 IEEE SENSORS}, 
title={Design of CMOS capacitance to frequency converter for high-temperature MEMS sensors}, 
year={2013}, 
volume={}, 
number={}, 
pages={1-4}, 
keywords={CMOS integrated circuits;capacitance;capacitive sensors;frequency convertors;microsensors;CMOS capacitance;IBM CMOS technology;digital output;extended military temperature range;frequency converter;high-temperature MEMS sensors;pulse width control;readout circuitry;size 0.13 mum;temperature -55 {$\degree$}C to 175 {$\degree$}C;CMOS integrated circuits;CMOS technology;Capacitance;Capacitive sensors;Temperature distribution;Temperature sensors}, 
doi={10.1109/ICSENS.2013.6688275}, 
ISSN={1930-0395}, 
month={Nov},}
@INPROCEEDINGS{Souri2014, 
author={K. Souri and Y. Chae and Y. Ponomarev and K. A. A. Makinwa}, 
booktitle={2011 Proceedings of the ESSCIRC (ESSCIRC)}, 
title={A precision DTMOST-based temperature sensor}, 
year={2011}, 
volume={}, 
number={}, 
pages={279-282}, 
keywords={CMOS integrated circuits;MOSFET;temperature sensors;CMOS process;DTMOST;conversion rate;dynamic threshold MOS transistors;power 8.6 muW;size 0.16 mum;substrate PNP;temperature -55 {$\degree$}C to 125 {$\degree$}C;temperature sensor;two-temperature trim;voltage 1.8 V;CMOS integrated circuits;Logic gates;MOSFET circuits;Temperature distribution;Temperature measurement;Temperature sensors;Transistors}, 
doi={10.1109/ESSCIRC.2011.6044961}, 
ISSN={1930-8833}, 
month={Sept},}
@INPROCEEDINGS{Souri2014ISSCC, 
author={K. Souri and Y. Chae and F. Thus and K. Makinwa}, 
booktitle={2014 IEEE International Solid-State Circuits Conference Digest of Technical Papers (ISSCC)}, 
title={12.7 A 0.85V 600nW all-CMOS temperature sensor with an inaccuracy of {$\pm$}0.4 {$\degree$}C (3 {$\sigma$}) from -40 to 125 {$\degree$}C}, 
year={2014}, 
volume={}, 
number={}, 
pages={222-223}, 
keywords={CMOS integrated circuits;analogue-digital conversion;error correction;invertors;low-power electronics;radiofrequency identification;readout electronics;temperature sensors;DTMOST spread;RFID applications;RT;all-CMOS designs;all-CMOS temperature sensor;circuit error mitigation;current 700 nA;dynamic error-correction techniques;dynamic threshold MOST spread;inverter-based 2nd-order zoom ADC;power 600 nW;single room temperature trim;temperature -40 {$\degree$}C to 125 {$\degree$}C;temperature-sensing devices;two-point trimming;ultra-low-power design;voltage 0.85 V;Accuracy;Logic gates;Solid state circuits;System-on-chip;Temperature distribution;Temperature sensors}, 
doi={10.1109/ISSCC.2014.6757409}, 
ISSN={0193-6530}, 
month={Feb},}
@INPROCEEDINGS{Watanabe2015, 
author={T. Watanabe and T. Terasawa}, 
booktitle={2015 IEEE SENSORS}, 
title={All-digital-ADC TAD in sensor digitization for scaling over wide temperature ranges}, 
year={2015}, 
volume={}, 
number={}, 
pages={1-4}, 
keywords={CMOS digital integrated circuits;automotive components;sensors;time-digital conversion;ADC core;all-digital-ADC TAD;automotive sensors;digital-type rotation-rate sensor;low-cost digital CMOS;minimal IC design;sensor digitization;size 0.35 mum;temperature -40 degC to 125 degC;voltage resolution;wide temperature range;Analog-digital conversion;CMOS integrated circuits;CMOS technology;Temperature distribution;Temperature measurement;Temperature sensors}, 
doi={10.1109/ICSENS.2015.7370503}, 
ISSN={}, 
month={Nov},}
@ARTICLE{Tan2016, 
author={Z. Tan and M. Mueck and X. H. Du and L. Getzin and M. Guidry and S. Keating and X. Xing and F. Zhao and B. Chen}, 
journal={IEEE Journal of Solid-State Circuits}, 
title={A Fully Isolated Delta-Sigma ADC for Shunt Based Current Sensing}, 
year={2016}, 
volume={51}, 
number={10}, 
pages={2232-2240}, 
keywords={analogue-digital conversion;delta-sigma modulation;electric sensing devices;oscillators;portable instruments;power convertors;rectifying circuits;reference circuits;system-in-package;transformers;IC package;SIP;chip-level isolated delta-sigma ADC architecture;controller-communication chip;delta-sigma analog-to-digital converters;fully isolated delta-sigma ADC;high voltage isolation;insulation voltage rating;integrated isolated power converter;on-chip data transformers;oscillator;portable current sensing applications;rectifier;shunt based current sensing;shunt resistor;system-in-package;temperature transducer;voltage 3.3 V;voltage reference;Current measurement;Integrated circuits;Oscillators;Power measurement;Power transformers;Resistors;Voltage measurement;Analog-to-digital converters;current sensing;delta-sigma ADC;isolated power converter;on-chip transformer;system-in-package (SIP)}, 
doi={10.1109/JSSC.2016.2581800}, 
ISSN={0018-9200}, 
month={Oct},}
@ARTICLE{Rahman2017, 
author={A. Rahman and L. Caley and S. Roy and N. Kuhns and A. Mantooth and J. Di and A. M. Francis and J. Holmes}, 
journal={IEEE Transactions on Electron Devices}, 
title={High Temperature Data Converters in Silicon Carbide CMOS}, 
year={2017}, 
volume={64}, 
number={4}, 
pages={1426-1432}, 
keywords={CMOS digital integrated circuits;analogue-digital conversion;silicon compounds;ADC;CMOS process;DNL;INL;LSB;SiC;digital to analog converter;high temperature data converters;high-temperature applications;integral nonlinearity;least significant bit;maximum differential nonlinearity;temperature 25 degC to 400 degC;Gallium nitride;Integrated circuits;Operational amplifiers;Silicon;Silicon carbide;Temperature distribution;Voltage control;Analog to digital converter (ADC);data converter;digital to analog converter (DAC);high temperature;silicon carbide (SiC);wide bandgap}, 
doi={10.1109/TED.2017.2665520}, 
ISSN={0018-9383}, 
month={April},}
@ARTICLE{Bouyjou2017, 
author={F. Bouyjou and O. Gevin and O. Limousin and E. Delagnes}, 
journal={IEEE Transactions on Nuclear Science}, 
title={A 32-Channel 13-b ADC for Space Applications}, 
year={2017}, 
volume={64}, 
number={4}, 
pages={1071-1079}, 
keywords={CMOS image sensors;CMOS integrated circuits;II-VI semiconductors;analogue-digital conversion;application specific integrated circuits;cadmium alloys;compensation;delay lock loops;low-power electronics;tellurium alloys;zinc alloys;32-channel ADC;ASIC;CMOS commercial technology;Caliste-MC2 camera;CdTe;CdTe pixel matrix;CdZnTe;CdZnTe pixel matrix;OWB-1 readout;Wilkinson architecture;delay lock loop;dynamic performance;low power consumption;low power microgamma camera;power 57 mW;servo loop;single event latchup;single slope analog-to-digital converter;size 0.35 mum;space applications;temperature -40 degC to 40 degC;temperature compensation;time 2.56 mus;voltage 2 V;word length 13 bit;Clocks;Delays;Generators;Jitter;Power demand;Radiation detectors;Temperature measurement;Analog to digital converter (ADC);delay lock loop (DLL);latchup;space applications;temperature compensation system}, 
doi={10.1109/TNS.2017.2672863}, 
ISSN={0018-9499}, 
month={April},}
