@ARTICLE{Lovett1998, 
author={S. J. Lovett and M. Welten and A. Mathewson and B. Mason}, 
journal={IEEE Journal of Solid-State Circuits}, 
title={Optimizing MOS transistor mismatch}, 
year={1998}, 
volume={33}, 
number={1}, 
pages={147-150}, 
keywords={CMOS integrated circuits;MOSFET;integrated circuit layout;MOS transistor mismatch;MOSFET mismatch optimisation;optimum W/L ratio;Analytical models;Geometry;Integrated circuit modeling;MOS devices;MOSFETs;Microelectronics;Mixed analog digital integrated circuits;Optimization methods;Testing;Threshold voltage}, 
doi={10.1109/4.654947}, 
ISSN={0018-9200}, 
month={Jan},}

@ARTICLE{Conti2002, 
author={M. Conti and P. Crippa and S. Orcioni and C. Turchetti}, 
journal={IEEE Transactions on Circuits and Systems I: Fundamental Theory and Applications}, 
title={Layout-based statistical modeling for the prediction of the matching properties of MOS transistors}, 
year={2002}, 
volume={49}, 
number={5}, 
pages={680-685}, 
keywords={MOS integrated circuits;VLSI;integrated circuit layout;integrated circuit modelling;statistical analysis;MOS transistors;VLSI;autocorrelation function;common-centroid structures;device geometry;interdigitated structures;layout-based statistical modeling;matching properties;mutual distances;partitioning;placement;process parameters;statistical mismatch analysis;stochastic process theory;technological parameters;transistor pairs;Autocorrelation;Circuits;Displays;Geometry;MOSFETs;Predictive models;Random variables;Shape;Stochastic processes;Very large scale integration}, 
doi={10.1109/TCSI.2002.1001958}, 
ISSN={1057-7122}, 
month={May},}