
@ARTICLE{1393072, 
author={R. W. Johnson and J. L. Evans and P. Jacobsen and J. R. Thompson and M. Christopher}, 
journal={IEEE Transactions on Electronics Packaging Manufacturing}, 
title={The changing automotive environment: high-temperature electronics}, 
year={2004}, 
volume={27}, 
number={3}, 
pages={164-176}, 
keywords={automotive electronics;heat sinks;high-temperature electronics;power semiconductor devices;reliability;semiconductor device packaging;thermal management (packaging);175 to 200 degC;X-by-wire technology;automotive electronics industry;combustion sensors;cylinder pressure sensors;electrically controlled systems;electromechanical actuator;electromechanical systems;electronic components;engine control units;exhaust gas sensors;fuel cell vehicles;heat sink;high-temperature electronics;hybrid electric vehicles;power electronics;power transistors;semiconductor device packaging;smart power devices;thermal management systems;transmission control units;underhood automotive environment;Automotive engineering;Costs;Engines;Fuel cell vehicles;Gas detectors;Power dissipation;Power electronics;Semiconductor device packaging;Temperature control;Temperature sensors}, 
doi={10.1109/TEPM.2004.843109}, 
ISSN={1521-334X}, 
month={July},}

@techreport{ISO16750,
type = {Standard},
key = {ISO 16750:2010-4},
month = {4},
year = {2010},
title = {{Road vehicles — Environmental conditions and testing for electrical and electronic equipment — Part 4: Climatic loads}},
institution = {International Organization for Standardization}
}

@online{XT018XFab,
author={{XFAB Mixed-Signal Foundry Experts}},
title={{XT018 - 0.18 Micron Modular Trench Isolated SOI CMOS Technology}},
year = {2018},
url={https://www.xfab.com/technology/soi/018-um-xt018/},
urldate={2018-08-29}
}

@online{MurmannSurvey,
author={Boris Murmann},
title={{ADC Performance Survey 1997-2018}},
year = {2018},
url={https://web.stanford.edu/~murmann/adcsurvey.html},
urldate={2018-08-29}
}