%--------- Current Mode Logic over Temperature -------
@INPROCEEDINGS{Liu2015, 
author={S. Liu and K. Li and P. Wilson}, 
booktitle={2015 IEEE International Symposium on Circuits and Systems (ISCAS)}, 
title={A temperature independent driver for Mach-Zehnder modulators}, 
year={2015}, 
volume={}, 
number={}, 
pages={1474-1477}, 
keywords={CMOS integrated circuits;amplifiers;driver circuits;optical modulation;Mach-Zehnder modulators;adaptive feedback topology;fully differential inductor-less temperature independent laser driver;push pull structure;size 130 nm;temperature 27 degC to 135 degC;temperature independent driver;Bandwidth;Computer architecture;Gain;Limiting;Optical buffering;Optical transmitters;Topology;Laser driver;adaptive active feedback;low cost;low power;optical modulator;push pull;temperature variation}, 
doi={10.1109/ISCAS.2015.7168923}, 
ISSN={0271-4302}, 
month={May},}
@ARTICLE{Andricciola2009, 
author={P. Andricciola and H. P. Tuinhout}, 
journal={IEEE Electron Device Letters}, 
title={The Temperature Dependence of Mismatch in Deep-Submicrometer Bulk MOSFETs}, 
year={2009}, 
volume={30}, 
number={6}, 
pages={690-692}, 
keywords={CMOS integrated circuits;MOSFET;temperature measurement;CMOS platform;deep-submicrometer bulk MOSFET;relative-drain-current-mismatch fluctuation;size 65 nm;temperature 0 degC to 125 degC;temperature dependence;transistor mismatch;CMOS;fluctuation sweep;mismatch;subthreshold region;temperature effect}, 
doi={10.1109/LED.2009.2020524}, 
ISSN={0741-3106}, 
month={June},}
@ARTICLE{Shoucair1989, 
author={F. S. Shoucair}, 
journal={IEEE Transactions on Components, Hybrids, and Manufacturing Technology}, 
title={Scaling, subthreshold, and leakage current matching characteristics in high-temperature (25 deg;C-250 deg;C) VLSI CMOS devices}, 
year={1989}, 
volume={12}, 
number={4}, 
pages={780-788}, 
keywords={CMOS integrated circuits;VLSI;analogue-digital conversion;digital integrated circuits;elemental semiconductors;environmental testing;gold;integrated circuit technology;leakage currents;linear integrated circuits;metallisation;reliability;silicon;2 micron;25 to 250 degC;4 micron;6 micron;Au based metallizations;CMOS technology scaling;CMOS transmission gate;Si devices;VLSI CMOS devices;analog circuit applications;channel mobility;data circuit design;diffusion-leakage currents;digital circuit applications;drain leakage currents;elevated temperatures;feature length;high temperature electronics;leakage-current matching;low-resistance epitaxial layers;resolution-speed tradeoffs;sampled data circuits;severe-environment behavior;simple capacitor;source-to-body leakage currents;standard CMOS process;subthreshold characteristics;subthreshold parameter;temperature-induced trends;threshold voltage;Analog circuits;CMOS process;CMOS technology;Capacitors;Digital circuits;Leakage current;Sampled data circuits;Silicon;Temperature;Threshold voltage}, 
doi={10.1109/33.49047}, 
ISSN={0148-6411}, 
month={Dec},}

% physics for Si indirect bandgap over temperature
@article{Klenner1992,
author = {Klenner M. and Falter C. and Ludwig W.},
title = {Temperature dependence of band gaps in Si and Ge in the quasi‐ion model},
journal = {Annalen der Physik},
volume = {504},
number = {1},
pages = {34-38},
keywords = {Electron‐phonon interaction, Density response, Phonons‐lattice dynamics},
doi = {10.1002/andp.19925040107},
url = {https://onlinelibrary.wiley.com/doi/abs/10.1002/andp.19925040107},
eprint = {https://onlinelibrary.wiley.com/doi/pdf/10.1002/andp.19925040107},
abstract = {Abstract We have calculated the temperature dependence of the direct and indirect band gaps in silicon and germanium. The electron‐phonon potential as well as the phonon frequencies and eigenvectors are calculated consistently within the rigid quasi‐ion model. Comparison is made with experiment and with the theoretical results of Allen and Cardona and Lautenschlager et al.}
}

@article{Lautenschlager1985,
  title = {Temperature dependence of band gaps in Si and Ge},
  author = {Lautenschlager, P. and Allen, P. B. and Cardona, M.},
  journal = {Phys. Rev. B},
  volume = {31},
  issue = {4},
  pages = {2163--2171},
  numpages = {0},
  year = {1985},
  month = {Feb},
  publisher = {American Physical Society},
  doi = {10.1103/PhysRevB.31.2163},
  url = {https://link.aps.org/doi/10.1103/PhysRevB.31.2163}
}
