@ARTICLE{4395036, 
author={N. D. Hindman and Z. Wang and L. T. Clark and D. R. Allee}, 
journal={IEEE Transactions on Nuclear Science}, 
title={Experimentally Measured Input Referred Voltage Offsets and Kickback Noise in RHBD Analog Comparator Arrays}, 
year={2007}, 
volume={54}, 
number={6}, 
pages={2073-2079}, 
keywords={CMOS integrated circuits;analogue integrated circuits;analogue-digital conversion;comparators (circuits);integrated circuit noise;radiation hardening (electronics);CMOS;RHBD analog comparator arrays;analog-to-digital converters;input referred voltage offsets;integrated circuit radiation effects;kickback noise;radiation hardening;size 130 nm;transistor variation;two-edge transistors;Analog integrated circuits;Analog-digital conversion;Circuit noise;Integrated circuit noise;Ionizing radiation;Noise measurement;Parasitic capacitance;Power transmission lines;Radiation hardening;Voltage measurement;Analog comparator offset;analog-to-digital converters;integrated circuit radiation effects;kickback noise;radiation hardening}, 
doi={10.1109/TNS.2007.908654}, 
ISSN={0018-9499}, 
month={Dec},}

@ARTICLE{6482245, 
author={J. Lu and J. Holleman}, 
journal={IEEE Transactions on Circuits and Systems I: Regular Papers}, 
title={A Low-Power High-Precision Comparator With Time-Domain Bulk-Tuned Offset Cancellation}, 
year={2013}, 
volume={60}, 
number={5}, 
pages={1158-1167}, 
keywords={comparators (circuits);low-power electronics;time-domain analysis;OC circuitry;common mode input;delay;energy 23 pJ;frequency 200 kHz;input-referred offset;low-power high-precision comparator;low-power high-precision dynamic comparator;offset cancellation scheme;offset standard deviation reduction;power 4.65 muW;power consumption;size 0.5 mum;time-domain bulk-tuned offset cancellation technique;voltage 5 V;Analog-digital conversion;CMOS analog integrated circuits;Convergence;Noise;Time-domain analysis;Analog-digital conversion;CMOS analog integrated circuits;bulk-tuned;comparators;noise;offset cancellation;time-domain}, 
doi={10.1109/TCSI.2013.2239175}, 
ISSN={1549-8328}, 
month={May},}

@INPROCEEDINGS{6644886, 
author={T. Forzley and R. Mason}, 
booktitle={2013 26th Symposium on Integrated Circuits and Systems Design (SBCCI)}, 
title={A 14b threshold configurable dynamically latched comparator for SAR ADCs}, 
year={2013}, 
volume={}, 
number={}, 
pages={1-5}, 
keywords={CMOS digital integrated circuits;analogue-digital conversion;comparators (circuits);integrated circuit design;SAR ADC;analog-to-digital converters;configurable dynamically latched comparator;digital CMOS process;frequency 6.25 MHz;intentional circuit asymmetry;latched threshold;size 0.13 mum;submicron deviations;tuning range;voltage 15.5 muV;voltage 29.85 mV;voltage 316 muV;voltage 7.9 mV;word length 14 bit;CMOS integrated circuits;Calibration;Capacitors;Clocks;Noise;Power demand;Tuning}, 
doi={10.1109/SBCCI.2013.6644886}, 
ISSN={}, 
month={Sept},}

@INPROCEEDINGS{1594475, 
author={T. W. Matthews and P. L. Heedley}, 
booktitle={48th Midwest Symposium on Circuits and Systems, 2005.}, 
title={A simulation method for accurately determining DC and dynamic offsets in comparators}, 
year={2005}, 
volume={}, 
number={}, 
pages={1815-1818 Vol. 2}, 
keywords={analogue-digital conversion;circuit simulation;comparators (circuits);DC offsets;dynamic offsets;flash analog-to-digital converters;high-speed regenerative comparators;input-referred offset voltage;pipeline analog-to-digital converters;simulation method;Analog-digital conversion;Clocks;Design engineering;Laboratories;Latches;Pipelines;Regeneration engineering;Space exploration;Testing;Threshold voltage}, 
doi={10.1109/MWSCAS.2005.1594475}, 
ISSN={1548-3746}, 
month={Aug},}

@INPROCEEDINGS{7050041, 
author={A. J. Ginés and E. Peralías and G. Leger and A. Rueda}, 
booktitle={2014 21st IEEE International Conference on Electronics, Circuits and Systems (ICECS)}, 
title={Closed-loop simulation method for evaluation of static offset in discrete-time comparators}, 
year={2014}, 
volume={}, 
number={}, 
pages={538-541}, 
keywords={CMOS analogue integrated circuits;comparators (circuits);discrete time systems;integrated circuit modelling;CMOS technology;closed-loop algorithm;closed-loop simulation method;discrete-time comparators;realistic behavioral models;size 0.18 mum;static offset evaluation;transistor-level simulations;Accuracy;Clocks;Computational modeling;Convergence;Estimation;Semiconductor device modeling;Transient analysis;Flash-ADC;comparator offset evaluation;discrete-time;simulation-based techniques}, 
doi={10.1109/ICECS.2014.7050041}, 
ISSN={}, 
month={Dec},}


@incollection{AD-AN835,
author = "A. Arrants, B. Brannon, and R. Reeder",
title = "Understanding High Speed ADC Testing and Evaluation, AN-835",
url = "http://www.analog.com/media/en/technical-documentation/application-notes/AN-835.pdf",
year = "2015",
}

@incollection{TI-SBAA002A,
author = "Texas Instruments Incorporated",
title = "Dynamic Tests For A/D Converter Performance, AN-SBAA002A",
url = "http://www.ti.com/lit/an/sbaa002a/sbaa002a.pdf",
year = "2011",
}

@incollection{AD-DCH2005,
author = "Analog Device",
title = "The Data Conversion HandBook: TESTING DATA CONVERTERS",
url = "http://www.analog.com/media/en/training-seminars/design-handbooks/Data-Conversion-Handbook/Chapter5.pdf",
year = "2005",
}

@ARTICLE{IEEESTD1241-2010, 
author={}, 
journal={IEEE Std 1241-2010 (Revision of IEEE Std 1241-2000)}, 
title={IEEE Standard for Terminology and Test Methods for Analog-to-Digital Converters}, 
year={2011}, 
volume={}, 
number={}, 
pages={1-139}, 
keywords={IEEE standards;analogue-digital conversion;quantisation (signal);IEEE standards;analog-to-digital converters;input-output transfer curve;non-uniform quantization;test methods;Analog-digital conversion;IEEE standards;Quantization;Testing;ADC;DNL;ENOB;INL;LSB;SAR;SFDR;analog-to-digital converter;code transition level;coherent sampling;histogram;missing codes;noise power ratio;noncoherent sampling;quantization error;quantization noise;sine fitting}, 
doi={10.1109/IEEESTD.2011.5692956}, 
ISSN={}, 
month={Jan},}

@incollection{TI-SLLA082B,
author = "Texas Instruments Incorporated",
title = "Active Fail-Safe in TI’s LVDS Receivers",
url = "http://www.ti.com/lit/an/slla082b/slla082b.pdf",
year = "2005",
}